@misc{FABRICIO_ROBERTO_2025_MEC_FLU,
    AUTHOR = {AUSAS, R. F.; SOUZA, F. S.},
    TITLE   = {Introduction to Computational Fluid Mechanics},
    SUBTITLE ={with an emphasis in the Finite Volume Method for Elliptic, Parabolic and Hyperbolic problems},
    SCHOOL  = {ICMC-USP},
    YEAR    = {2025},
    type    = {{\bf (Lecture Notes)}},
    address = {S{\~a}o Carlos, SP}
}

@book{MESSIAS_CUMINATO_2013,
  title={Discretiza{\c{c}}{\~a}o de equa{\c{c}}{\~o}es diferenciais parciais},
  subtitle={t{\'e}cnicas de diferen{\c{c}}as finitas},
  author={Cuminato, Jos{\'e} Alberto and {MENEGUETTE JUNIOR}, Messias},  
  year={2013},
  address = {Rio de Janeiro},
  publisher={SBM}
}%ISBN-13: 978-8-5833-7005-5
%isbn = {9788583370055},
%series = {Coleção Matemática Aplicada ; 02},
%#Diferenças Finitas #Estabilidade
%edition   = {1},